@Article{oddt,
  author = {Pedro F. Felzenszwalb, Ross B. Girshick, David McAllester and Deva Ramanan.},
  title = {\textit{â€œObject Detection with Discriminatively Trained Part Based Models"}},
  journal =      "Annalen der Physik",
  volume =       "32",
  number =       "9",
  pages =        "",
  month =        "Septiembre",
  year =         "2010",
}

@Article{ldnp,
  author = {Adin Ramirez Rivera, Jorge Rojas Castillo, and Oksam Chae},
  title = {\textit{"Local Directional Number Pattern for Face Analysis: Face and Expression Recognition"}},
  journal = {},
  volume = 22,
  number = 5,
  pages = {},
  month = "Mayo",
  year = 2013,
}

@Article{sift,
  author = {David G. Lowe},
  title = {\textit{"Distinctive Image Features from Scale-Invariant Keypoints"}},
  month = "Enero",
  year = 2004,
}

@Article{surf,
  author = {Herbert Bay, Andreas Ess, Tinne Tuytelaars, Luc Van Gool},
  title = {\textit{"Speeded-Up Robust Features"}},
  journal = {},
  volume = 110,
  year = 2008,
}


@Article{hog,
  author = {Dalal, N., INRIA Rhone-Alps, Montbonnot, France, Triggs, B.},
  title = {\textit{"Histograms of oriented gradients for human detection"}},
  journal = {},
  volume = 1,
  month = "Junio",
  year = 2005,
}
